<record xmlns="http://www.loc.gov/MARC21/slim" xmlns:xsi="http://www.w3.org/2001/XMLSchema-instance" xsi:schemaLocation="http://www.loc.gov/MARC21/slim http://www.loc.gov/standards/marcxml/schema/MARC21slim.xsd"><leader>02221nam a2200421   4500</leader><controlfield tag="001">1886001</controlfield><controlfield tag="003">NIC</controlfield><controlfield tag="006">m        d        </controlfield><controlfield tag="007">cr cn |||m|||a</controlfield><controlfield tag="008">150222m19009999ua      o     000 0 arar </controlfield><datafield ind1=" " ind2=" " tag="020"><subfield code="z">9771750062 (v. 2)</subfield></datafield><datafield ind1=" " ind2=" " tag="020"><subfield code="z">9789771750062 (v. 2)</subfield></datafield><datafield ind1=" " ind2=" " tag="040"><subfield code="a">NNU</subfield><subfield code="b">eng</subfield><subfield code="e">rda</subfield><subfield code="c">NNU</subfield></datafield><datafield ind1="0" ind2="0" tag="050"><subfield code="a">PJ7712.A1</subfield><subfield code="b">D53 1990</subfield></datafield><datafield ind1="1" ind2=" " tag="100"><subfield code="6">880-01</subfield><subfield code="a">Di&#772;b, Badr.</subfield></datafield><datafield ind1="1" ind2="0" tag="245"><subfield code="6">880-02</subfield><subfield code="a">I&#699;a&#772;dat h&#803;ika&#772;yat H&#803;a&#772;sib Kari&#772;m al-Di&#772;n wa-Malikat al-h&#803;ayya&#772;t /</subfield><subfield code="c">Badr al-Di&#772;b.</subfield></datafield><datafield ind1=" " ind2=" " tag="250"><subfield code="6">880-03</subfield><subfield code="a">al-T&#803;ab&#699;ah 1.</subfield></datafield><datafield ind1=" " ind2=" " tag="260"><subfield code="6">880-04</subfield><subfield code="a">al-S&#803;uh&#803;ufi&#772;yi&#772;n [Cairo] :</subfield><subfield code="b">Manshu&#772;ra&#772;t As&#803;diqa&#772;&#700; al-Kita&#772;b,</subfield><subfield code="c">&lt;1990-&gt;</subfield></datafield><datafield ind1=" " ind2=" " tag="300"><subfield code="a">online resource (volumes &lt;2&gt;)</subfield></datafield><datafield ind1=" " ind2=" " tag="336"><subfield code="a">text</subfield><subfield code="2">rdacontent</subfield></datafield><datafield ind1=" " ind2=" " tag="337"><subfield code="a">computer</subfield><subfield code="2">rdamedia</subfield></datafield><datafield ind1=" " ind2=" " tag="338"><subfield code="a">online resource</subfield><subfield code="2">rdacarrier</subfield></datafield><datafield ind1=" " ind2=" " tag="500"><subfield code="a">"Fi&#772; al-qism al-tha&#772;ni&#772; istakhdamtu al-maktu&#772;b fi&#772; alf laylah wa-laylah"--V. 2, p. [4] of cover.</subfield></datafield><datafield ind1=" " ind2=" " tag="500"><subfield code="a">Part of the Arabic Collections Online (ACO) project, contributed by Cornell University Libraries.</subfield></datafield><datafield ind1="1" ind2=" " tag="505"><subfield code="a">kita&#772;b 2. Wara&#772;&#700; al-kaynu&#772;nah.</subfield></datafield><datafield ind1=" " ind2=" " tag="533"><subfield code="a">Electronic reproduction.</subfield><subfield code="b">New York, N.Y. :</subfield><subfield code="c">New York University,</subfield><subfield code="d">2015.</subfield><subfield code="5">NNU</subfield></datafield><datafield ind1="2" ind2=" " tag="710"><subfield code="a">Cornell University.</subfield><subfield code="b">Libraries.</subfield></datafield><datafield ind1="0" ind2=" " tag="730"><subfield code="a">Arabian nights.</subfield><subfield code="k">Selections.</subfield></datafield><datafield ind1="0" ind2=" " tag="730"><subfield code="a">Arabic Collections Online.</subfield></datafield><datafield ind1="0" ind2="8" tag="776"><subfield code="i">Online version:</subfield><subfield code="a">Di&#772;b, Badr.</subfield><subfield code="t">I&#699;a&#772;dat h&#803;ika&#772;yat H&#803;a&#772;sib Kari&#772;m al-Di&#772;n wa-Malikat al-h&#803;ayya&#772;t.</subfield><subfield code="b">al-T&#803;ab&#699;ah 1.</subfield><subfield code="d">al-S&#803;uh&#803;ufi&#772;yi&#772;n [Cairo] : Manshu&#772;ra&#772;t As&#803;diqa&#772;&#700; al-Kita&#772;b, &lt;1990-&gt;</subfield><subfield code="w">(OCoLC)645797375</subfield></datafield><datafield ind1="0" ind2="8" tag="776"><subfield code="i">Print version:</subfield><subfield code="a">Di&#772;b, Badr.</subfield><subfield code="t">I&#699;a&#772;dat h&#803;ika&#772;yat H&#803;a&#772;sib Kari&#772;m al-Di&#772;n wa-Malikat al-h&#803;ayya&#772;t</subfield><subfield code="w">(NIC)1886001</subfield><subfield code="w">(DLC)  90960937 </subfield><subfield code="w">(OCoLC)24011597</subfield><subfield code="z">9771750062 (v. 2)</subfield><subfield code="z">9789771750062 (v. 2)</subfield></datafield><datafield ind1="4" ind2="0" tag="856"><subfield code="u">http://hdl.handle.net/2333.1/8931zfzm</subfield></datafield><datafield ind1="1" ind2=" " tag="880"><subfield code="6">100-01</subfield><subfield code="a">&#1583;&#1610;&#1576;&#1548; &#1576;&#1583;&#1585;.</subfield></datafield><datafield ind1="1" ind2="0" tag="880"><subfield code="6">245-02</subfield><subfield code="a">&#1575;&#1593;&#1575;&#1583;&#1577; &#1581;&#1603;&#1575;&#1610;&#1577; &#1581;&#1575;&#1587;&#1576; &#1603;&#1585;&#1610;&#1605; &#1575;&#1604;&#1583;&#1610;&#1606; &#1608;&#1605;&#1604;&#1603;&#1577; &#1575;&#1604;&#1581;&#1610;&#1575;&#1577; /</subfield><subfield code="c">&#1576;&#1583;&#1585; &#1583;&#1610;&#1576;.</subfield></datafield><datafield ind1=" " ind2=" " tag="880"><subfield code="6">250-03</subfield><subfield code="a">&#1575;&#1604;&#1591;&#1576;&#1593;&#1577; 1.</subfield></datafield><datafield ind1=" " ind2=" " tag="880"><subfield code="6">260-04</subfield><subfield code="a">&#1575;&#1604;&#1589;&#1581;&#1601;&#1610;&#1610;&#1606; [&#1575;&#1604;&#1602;&#1575;&#1607;&#1585;&#1577;] :</subfield><subfield code="b">&#1605;&#1606;&#1588;&#1608;&#1585;&#1575;&#1578; &#1571;&#1589;&#1583;&#1602;&#1575;&#1569; &#1575;&#1604;&#1603;&#1578;&#1575;&#1576;&#1548;</subfield><subfield code="c">1990-</subfield></datafield><datafield ind1=" " ind2=" " tag="959"><subfield code="a">NNU</subfield><subfield code="b">WEB</subfield><subfield code="c">GENI</subfield><subfield code="t">0</subfield><subfield code="m">Electronic access</subfield><subfield code="s">01</subfield></datafield><datafield ind1=" " ind2=" " tag="999"><subfield code="i">NIC_1886001</subfield><subfield code="o">(OCoLC)ocm24011597 </subfield><subfield code="s">cornell_aco000056:v.2</subfield></datafield></record>